%%
%% Author: mirco
%% 19.06.18
%%


@inproceedings{Panchenko:2017aa,
    Address = {Miyazaki, Japan},
    Author = {Alexander Panchenko and Eugen Ruppert and Stefano Faralli and Simone Paolo Ponzetto and Chris Biemann},
    Booktitle = {Proceedings of the Eleventh International Conference on Language Resources and Evaluation, {LREC} 2018, Miyazaki, Japan, May 7-12, 2018},
    Date-Added = {2018-01-06 16:16:30 +0000},
    Date-Modified = {2018-05-20 09:43:59 +0000},
    Month = {May},
    Publisher = {European Language Resources Association},
    Title = {Building a Web-Scale Dependency-Parsed Corpus from CommonCrawl},
    Year = {2018},
    Bdsk-Url-1 = {https://arxiv.org/abs/1710.01779},
    Bdsk-Url-2 = {https://arxiv.org/pdf/1710.01779.pdf}}
